@article{ginzburg2017random,
  title={Random chain complexes},
  author={Ginzburg, Viktor L and Pasechnik, Dmitrii V},
  journal={Arnold Mathematical Journal},
  pages={1--8},
  year={2017},
  publisher={Springer}
}

@book{stanley2011enumerative,
  title={Enumerative Combinatorics},
  author={Stanley, Richard P.},
  year={2011},
  volume={1},
  publisher={Cambridge University Press}
 }

@phdthesis{zabka2016cohomology,
  title={Cohomology operations on random spaces},
  author={Zabka, Matthew},
  year={2016},
  school={Wayne State University}
}

@article{zabka2018random,
  title={A random Bockstein operator},
  author={Zabka, Matthew},
  journal={Algebra and Discrete Mathematics},
  volume={25},
  number={2},
  pages={311--321},
  year={2018},
  publisher={Інститут прикладної математики та механіки НАН України}
}

@article{carlsson2009topology,
  title={Topology and data},
  author={Carlsson, Gunnar},
  journal={Bulletin of the American Mathematical Society},
  volume={46},
  number={2},
  pages={255--308},
  year={2009}
}

@article{kahle2009topology,
  title={Topology of random clique complexes},
  author={Kahle, Matthew},
  journal={Discrete Mathematics},
  volume={309},
  number={6},
  pages={1658--1671},
  year={2009},
  publisher={Elsevier}
}

@article{kahle2011random,
  title={Random geometric complexes},
  author={Kahle, Matthew},
  journal={Discrete \& Computational Geometry},
  volume={45},
  number={3},
  pages={553--573},
  year={2011},
  publisher={Springer}
}

@book{mosher2008cohomology,
  title={Cohomology operations and applications in homotopy theory},
  author={Mosher, Robert E and Tangora, Martin C.},
  year={2008},
  publisher={Dover Publications}
}
  
@book{atiyah1994introduction,
  title={Introduction to commutative algebra},
  author={Atiyah, Michael Francis and Macdonald, Ian Grant},
  volume={2},
  year={1969},
  publisher={Addison-Wesley Reading}
}

@book{penrose2003random,
  title={Random geometric graphs},
  author={Penrose, Mathew},
  volume={5},
  year={2003},
  publisher={Oxford University Press Oxford}
}

@article{arnoux1991kuhnel,
  title={The K{\"u}hnel triangulation of the complex projective plane from the view point of complex crystallography part II},
  author={Arnoux, Pierre and Marin, Alexis},
  journal={Memoirs of the Faculty of Science, Kyushu University. Series A, Mathematics},
  volume={45},
  number={2},
  pages={167--244},
  year={1991},
  publisher={Department of Mathematics, Faculty of Science, Kyushu University}
}
  
@article{nicolau2011topology,
  title={Topology based data analysis identifies a subgroup of breast cancers with a unique mutational profile and excellent survival},
  author={Nicolau, Monica and Levine, Arnold J and Carlsson, Gunnar},
  journal={Proceedings of the National Academy of Sciences},
  volume={108},
  number={17},
  pages={7265--7270},
  year={2011},
  publisher={National Acad Sciences}
}

@article{lee2003nonlinear,
  title={The nonlinear statistics of high-contrast patches in natural images},
  author={Lee, Ann B and Pedersen, Kim S and Mumford, David},
  journal={International Journal of Computer Vision},
  volume={54},
  number={1-3},
  pages={83--103},
  year={2003},
  publisher={Springer}
}

@inproceedings{singh2007topological,
  title={Topological Methods for the Analysis of High Dimensional Data Sets and 3D Object Recognition.},
  author={Singh, Gurjeet and M{\'e}moli, Facundo and Carlsson, Gunnar E},
  booktitle={SPBG},
  pages={91--100},
  year={2007},
  organization={Citeseer}
}

@article{lum2013extracting,
  title={Extracting insights from the shape of complex data using topology},
  author={Lum, PY and Singh, G and Lehman, A and Ishkanov, T and Vejdemo-Johansson, Mikael and Alagappan, M and Carlsson, J and Carlsson, G},
  journal={Scientific reports},
  volume={3},
  year={2013},
  publisher={Nature Publishing Group}
}

@article{fasy2014confidence,
  title={Confidence sets for persistence diagrams},
  author={Fasy, Brittany Terese and Lecci, Fabrizio and Rinaldo, Alessandro and Wasserman, Larry and Balakrishnan, Sivaraman and Singh, Aarti and others},
  journal={The Annals of Statistics},
  volume={42},
  number={6},
  pages={2301--2339},
  year={2014},
  publisher={Institute of Mathematical Statistics}
}

@article{chazal2014robust,
  title={Robust topological inference: distance to a measure and kernel distance},
  author={Chazal, Fr{\'e}d{\'e}ric and Fasy, Brittany T and Lecci, Fabrizio and Michel, Bertrand and Rinaldo, Alessandro and Wasserman, Larry},
  journal={arXiv preprint arXiv:1412.7197},
  year={2014}
}

@article{blumberg2014robust,
  title={Robust statistics, hypothesis testing, and confidence intervals for persistent homology on metric measure spaces},
  author={Blumberg, Andrew J and Gal, Itamar and Mandell, Michael A and Pancia, Matthew},
  journal={Foundations of Computational Mathematics},
  volume={14},
  number={4},
  pages={745--789},
  year={2014},
  publisher={Springer}
}

@book{bollobas1998random,
  title={Random graphs},
  author={Bollob{\'a}s, B{\'e}la},
  year={1998},
  publisher={Springer}
}

@book{hatcher2002algebraic,
  title={Algebraic topology},
  author={Hatcher, Allen},
  year={2002},
  publisher={Cambridge University Press}
}

@article{de2007coverage,
  title={Coverage in sensor networks via persistent homology},
  author={De Silva, Vin and Ghrist, Robert},
  journal={Algebraic \& Geometric Topology},
  volume={7},
  number={1},
  pages={339--358},
  year={2007},
  publisher={Mathematical Sciences Publishers}
}

@article{forman2002user,
  title={A user’s guide to discrete Morse theory},
  author={Forman, Robin},
  journal={S{\'e}m. Lothar. Combin},
  volume={48},
  pages={35pp},
  year={2002}
}